<record><leader>00000cas a22000007a 4500</leader><controlfield tag="001">35369505</controlfield><controlfield tag="008">960905d194u19uuokuwr n       0    0eng d</controlfield><datafield ind1=" " ind2=" " tag="010"><subfield code="a">sn 96093944 </subfield></datafield><datafield ind1=" " ind2=" " tag="040"><subfield code="a">OBN</subfield><subfield code="b">eng</subfield><subfield code="c">OBN</subfield><subfield code="d">OCLCQ</subfield><subfield code="d">OCLCF</subfield><subfield code="d">OCLCO</subfield></datafield><datafield ind1="1" ind2=" " tag="029"><subfield code="a">AU@</subfield><subfield code="b">000012845422</subfield></datafield><datafield ind1=" " ind2=" " tag="042"><subfield code="a">msc</subfield></datafield><datafield ind1=" " ind2=" " tag="043"><subfield code="a">n-us-ok</subfield></datafield><datafield ind1="0" ind2=" " tag="130"><subfield code="a">Daily times-democrat (Pryor, Okla.)</subfield></datafield><datafield ind1="1" ind2="4" tag="245"><subfield code="a">The daily times-democrat.</subfield></datafield><datafield ind1=" " ind2=" " tag="260"><subfield code="a">Pryor, Okla. :</subfield><subfield code="b">Pryor Pub. Co.</subfield></datafield><datafield ind1=" " ind2=" " tag="300"><subfield code="a">v.</subfield></datafield><datafield ind1=" " ind2=" " tag="310"><subfield code="a">Daily (except Sat. and Sun.)</subfield></datafield><datafield ind1=" " ind2=" " tag="580"><subfield code="a">Formed by the union of: Pryor daily democrat, and: Inola times, and: Pryor shopping news.</subfield></datafield><datafield ind1=" " ind2=" " tag="588"><subfield code="a">Description based on: Vol. 6, no. 102 (Jan. 1, 1945).</subfield></datafield><datafield ind1=" " ind2="0" tag="651"><subfield code="a">Pryor (Okla.)</subfield><subfield code="v">Newspapers.</subfield></datafield><datafield ind1=" " ind2="0" tag="651"><subfield code="a">Mayes County (Okla.)</subfield><subfield code="v">Newspapers.</subfield></datafield><datafield ind1=" " ind2="7" tag="655"><subfield code="a">Newspapers.</subfield><subfield code="2">fast</subfield><subfield code="0">(OCoLC)fst01423814</subfield></datafield><datafield ind1=" " ind2="7" tag="651"><subfield code="a">Oklahoma</subfield><subfield code="z">Mayes County.</subfield><subfield code="2">fast</subfield><subfield code="0">(OCoLC)fst01218453</subfield></datafield><datafield ind1=" " ind2="7" tag="651"><subfield code="a">Oklahoma</subfield><subfield code="z">Pryor.</subfield><subfield code="2">fast</subfield><subfield code="0">(OCoLC)fst01220765</subfield></datafield><datafield ind1=" " ind2=" " tag="752"><subfield code="a">United States</subfield><subfield code="b">Oklahoma</subfield><subfield code="c">Mayes</subfield><subfield code="d">Pryor.</subfield></datafield><datafield ind1="0" ind2="7" tag="780"><subfield code="t">Pryor daily democrat (Pryor, Okla.)</subfield><subfield code="w">(DLC)sn 96093943</subfield><subfield code="w">(OCoLC)35369318</subfield></datafield><datafield ind1="0" ind2="7" tag="780"><subfield code="t">Pryor shopping news</subfield></datafield><datafield ind1="0" ind2="7" tag="780"><subfield code="t">Inola times</subfield></datafield><datafield ind1="0" ind2="0" tag="785"><subfield code="t">Pryor daily times</subfield><subfield code="w">(DLC)sn 96093952</subfield><subfield code="w">(OCoLC)356393736</subfield></datafield></record>